@ARTICLE{Konietschke:Hothorn:Brunner,
  author       = {Konietschke, Frank and Hothorn, Ludwig A. and Brunner, Edgar},
  title        = {Rank-based multiple test procedures and simultaneous confidence intervals},
  journal      = {Electronic Journal of Statistics},
  volume       = {6},
  issn         = {1935-7524},
  pages        = {738--759},
  year         = {2012},
}

@ARTICLE{Zimmerman:Zumbo,
  author       = {Zimmerman, Donald W. and Zumbo, Bruno D.},
  title        = {Parametric alternatives to the {S}tudent t test under violation of normality and homogeneity of variance},
  journal      = {Perceptual and Motor Skills},
  year         = {1992},
  volume       = {74},
  number       = {3(1)},
  pages        = {835--844},
}

@ARTICLE{Gabriel,
  author       = {Gabriel, K. R.},
  journal      = {The Annals Mathematical Statistics},
  pages        = {224--250},
  title        = {{Simultaneous test procedures---some theory of multiple comparisons}},
  volume       = {40},
  number       = {1},
  year         = {1969},
}

@inproceedings{Beniamini,
  author    = {Gal Beniamini and
               Sarah Gingichashvili and
               Alon Klein{-}Orbach and
               Dror G. Feitelson},
  title     = {Meaningful identifier names: the case of single-letter variables},
  booktitle = {Proceedings of the 25th International Conference on Program Comprehension,
               {ICPC} 2017, Buenos Aires, Argentina, May 22-23, 2017},
  pages     = {45--54},
  year      = {2017},
  crossref  = {DBLP:conf/iwpc/2017},
  url       = {http://dl.acm.org/citation.cfm?id=3101421},
  timestamp = {Fri, 02 Jun 2017 13:50:45 +0200},
  biburl    = {http://dblp.uni-trier.de/rec/bib/conf/iwpc/BeniaminiGKF17},
  bibsource = {dblp computer science bibliography, http://dblp.org}
}
@proceedings{DBLP:conf/iwpc/2017,
  editor    = {Giuseppe Scanniello and
               David Lo and
               Alexander Serebrenik},
  title     = {Proceedings of the 25th International Conference on Program Comprehension,
               {ICPC} 2017, Buenos Aires, Argentina, May 22-23, 2017},
  publisher = {{IEEE} / {ACM}},
  year      = {2017},
  url       = {http://dl.acm.org/citation.cfm?id=3101414},
  isbn      = {978-1-5386-0535-6},
  timestamp = {Fri, 02 Jun 2017 13:45:43 +0200},
  biburl    = {http://dblp.uni-trier.de/rec/bib/conf/iwpc/2017},
  bibsource = {dblp computer science bibliography, http://dblp.org}
}

@article{VasilescuSGM14,
  author    = {Bogdan Vasilescu and
               Alexander Serebrenik and
               Mathieu Goeminne and
               Tom Mens},
  title     = {On the variation and specialisation of workload - {A} case study of
               the Gnome ecosystem community},
  journal   = {Empirical Software Engineering},
  volume    = {19},
  number    = {4},
  pages     = {955--1008},
  year      = {2014},
  url       = {https://doi.org/10.1007/s10664-013-9244-1},
  doi       = {10.1007/s10664-013-9244-1},
  timestamp = {Tue, 06 Jun 2017 22:24:59 +0200},
  biburl    = {http://dblp.uni-trier.de/rec/bib/journals/ese/VasilescuSGM14},
  bibsource = {dblp computer science bibliography, http://dblp.org}
}

@article{VasilescuCS14,
  author    = {Bogdan Vasilescu and
               Andrea Capiluppi and
               Alexander Serebrenik},
  title     = {Gender, Representation and Online Participation: {A} Quantitative
               Study},
  journal   = {Interacting with Computers},
  volume    = {26},
  number    = {5},
  pages     = {488--511},
  year      = {2014},
  url       = {https://doi.org/10.1093/iwc/iwt047},
  doi       = {10.1093/iwc/iwt047},
  timestamp = {Tue, 06 Jun 2017 22:17:21 +0200},
  biburl    = {http://dblp.uni-trier.de/rec/bib/journals/iwc/VasilescuCS14},
  bibsource = {dblp computer science bibliography, http://dblp.org}
}

@article{YuWYW16,
  author    = {Yue Yu and
               Huaimin Wang and
               Gang Yin and
               Tao Wang},
  title     = {Reviewer recommendation for pull-requests in GitHub: What can we learn
               from code review and bug assignment?},
  journal   = {Information {\&} Software Technology},
  volume    = {74},
  pages     = {204--218},
  year      = {2016},
  url       = {https://doi.org/10.1016/j.infsof.2016.01.004},
  doi       = {10.1016/j.infsof.2016.01.004},
  timestamp = {Wed, 17 May 2017 10:55:36 +0200},
  biburl    = {http://dblp.uni-trier.de/rec/bib/journals/infsof/YuWYW16},
  bibsource = {dblp computer science bibliography, http://dblp.org}
}